=LDR  02152cam a2200433 a 4500
=001  004190526
=003  NNU
=005  20160208092738.0
=008  071030s2005\\\\cy\ab\\\\b\\\f000\0\gre\\
=010  \\$a  2007484536
=040  \\$aDLC$beng$cDLC$dOCLCF$dOCLCO$dOCLCQ$dTEF
=066  \\$c(S
=020  \\$a9963001122
=020  \\$a9789963001125
=035  \\$a(OCoLC)180910383
=043  \\$aa-cy---
=050  00$aTT919.7.C932$bN535 2005
=049  \\$aZYUU
=100  1\$6880-01$aLamprou, Helenē.
=245  10$6880-02$aEx optēs gēs :$banichneuontas ta paradosiaka angeioplasteia tēs Leukōsias /$cHelenē Lamprou, Euphrosynē Rizopoulou-Hēgoumenidou.
=246  30$6880-03$aAnichneuontas ta paradosiaka angeioplasteia tēs Leukōsias
=260  \\$6880-04$aLeukōsia :$bHypourgeio Paideias kai Politismou, Politistikes Hypēresies,$c©2005.
=300  \\$a171 pages :$billustrations (some color), color maps ;$c23 x 26 cm
=336  \\$atext$btxt$2rdacontent
=337  \\$aunmediated$bn$2rdamedia
=338  \\$avolume$bnc$2rdacarrier
=504  \\$aIncludes bibliographical references (pages 170-171).
=650  \0$aPottery craft$zCyprus$zNicosia$xHistory.
=650  \0$aArtists' studios$zCyprus$zNicosia$xHistory.
=650  \7$aArtists' studios.$2fast$0(OCoLC)fst00817698
=650  \7$aPottery craft.$2fast$0(OCoLC)fst01073616
=651  \7$aCyprus$zNicosia.$2fast$0(OCoLC)fst01205262
=655  \7$aHistory.$2fast$0(OCoLC)fst01411628
=852  0\$aNNU$bBOBST$cMAIN$hTT919.7.C932$iN535 2005$p31142052998781
=880  1\$6100-01/(S$aΛαμπρου, Ελενη.
=880  10$6245-02/(S$aΕξ οπτης γης :$bανιχνευοντας τα παραδοσιακα αγγειοπλαστεια της Λευκωσιας /$cΕλενη Λαμπρου, Ευφροσυνη Ριζοπουλου-Ηγουμενιδου.
=880  30$6246-03/(S$aΑνιχνευοντας τα παραδοσιακα αγγειοπλαστεια της Λευκωσιας
=880  \\$6260-04/(S$aΛευκωσια :$bΥπουργειο Παιδειας και Πολιτισμου, Πολιτιστικες Υπηρεσιες,$c2005.
=994  \\$aC0$bTEF

