=LDR  01134cam a2200301 i 4500
=001  004225867
=003  NNU
=005  20160208111301.0
=008  160208s1956\\\\ua\ab\\\\\\\\\000\0\greod
=040  \\$aNNU$beng$erda$cTEF$dTEF
=066  \\$c(S
=035  \\$a(OCoLC)937392627
=043  \\$ae-gr---
=050  \4$aDF951.T45$bM97 1956
=049  \\$aZYUU
=100  1\$6880-01$aMystakidēs, Antōnēs,$d1908-1989,$eauthor.
=245  12$6880-02$aHē historia mias politeias /$cAntōnē Mystakidē.
=264  \1$6880-03$aKairo :$b[Publisher not identified],$c1956.
=300  \\$a127 pages :$billustrations, map ;$c17 cm
=336  \\$atext$btxt$2rdacontent
=337  \\$aunmediated$bn$2rdamedia
=338  \\$avolume$bnc$2rdacarrier
=651  \0$aThessalonikē (Greece)$xHistory.
=852  0\$aNNU$bBOBST$cMAIN$hDF951.T45$iM97 1956$p31142052999854
=880  1\$6100-01/(S$aΜυστακιδης, Αντωνης,$d1908-1989,$eαυθορ.
=880  11$6245-02/(S$aΗ ιστορια μιας πολιτειας /$cΑντωνη Μυστακιδη.
=880  \1$6264-03/(S$aΚαιρο :$b[Publisher not identified],$c1956.
=994  \\$aC0$bTEF

