=LDR  01870cam a2200385 a 4500
=001  004225871
=003  NNU
=005  20160208104207.0
=008  940322s1987\\\\gr\a\\\\\bc\\\000\0\greod
=040  \\$aPUL$beng$cPUL$dOCLCQ$dOCLCF$dOCLCQ$dOCLCO$dTEF
=066  \\$c(S
=035  \\$a(OCoLC)30080936
=050  \4$aLF3214$b.K38 1987
=049  \\$aZYUU
=245  00$6880-01$aKatalogos ekthesēs enthymēmatōn :$bMouseio Historias tou Panepistēmiou Athēnōn.
=260  \\$6880-02$aAthēna :$bEthniko kai Kapodistriako Panepistēmio Athēnōn,$c[1987]
=300  \\$a179 pages :$billustrations (some color) ;$c28 cm
=336  \\$atext$btxt$2rdacontent
=337  \\$aunmediated$bn$2rdamedia
=338  \\$avolume$bnc$2rdacarrier
=500  \\$aCatalog of an exhibition held at the Mouseio to celebrate the 150th anniversary of the founding of the A.E.I.
=500  \\$aEdited by Angelos Kampanēs.
=504  \\$aIncludes bibliographical references.
=610  20$aPanepistēmio Athēnōn$xHistory$vExhibitions.
=610  27$aPanepistēmio Athēnōn.$2fast$0(OCoLC)fst00551606
=655  \7$aExhibition catalogs.$2fast$0(OCoLC)fst01424028
=655  \7$aHistory.$2fast$0(OCoLC)fst01411628
=700  1\$6880-03$aKampanēs, Angelos.
=710  2\$6880-04$aMouseio Historias tou Panepistēmiou Athēnōn.
=852  0\$aNNU$bBOBST$cMAIN$hLF3214$i.K38 1987$p31142052999862
=880  00$6245-01/(S$aΚαταλογος εκθεσης ενθυμηματων :$bΜουσειο Ιστοριας του Πανεπιστημιου Αθηνων.
=880  \\$6260-02/(S$aΑθηνα :$bΕθνικο και Καποδιστριακο Πανεπιστημιο Αθηνων,$c[1987]
=880  1\$6700-03/(S$aΚαμπανης, Αγγελος.
=880  2\$6710-04/(S$aΜουσειο Ιστοριας του Πανεπιστημιου Αθηνων.
=994  \\$aC0$bTEF

