=LDR  01841cam a2200457 i 4500
=001  004225873
=003  NNU
=005  20160208103544.0
=008  860521m19759999gr\ac\\\\b\\\\000\0dgre\\
=010  \\$a   77504985 
=040  \\$aDLC$beng$cPAU$dDLC$dOCLCQ$dOCLCF$dOCLCQ$dOCLCO$dTEF
=066  \\$c(S
=029  1\$aAU@$b000003870508
=029  1\$aAU@$b000026351967
=035  \\$a(OCoLC)13594415
=043  \\$aa-cy---$ae-gr---
=050  00$aGR295.C9$bA73 1975
=049  \\$aZYUU
=245  00$6880-01$aAnthologia Kypriakēs laographias /$c[epimeleia] K. Chrysanthē kai Chr. St. Kyprianou.
=260  \\$6880-02$aLeukōsia :$bLaographikē Kypros,$c1975-
=300  \\$avolumes :$billustrations, portraits ;$c25 cm
=336  \\$atext$btxt$2rdacontent
=337  \\$aunmediated$bn$2rdamedia
=338  \\$avolume$bnc$2rdacarrier
=504  \\$aIncludes bibliographical references.
=650  \0$aFolklore$zCyprus.
=650  \0$aFolklore$zGreece.
=650  \0$aFolklorists$zCyprus$vBio-bibliography.
=650  \7$aFolklore.$2fast$0(OCoLC)fst00930306
=650  \7$aFolklorists.$2fast$0(OCoLC)fst00930376
=651  \7$aCyprus.$2fast$0(OCoLC)fst01205213
=651  \7$aGreece.$2fast$0(OCoLC)fst01208380
=655  \7$aBio-bibliography.$2fast$0(OCoLC)fst01423685
=700  1\$6880-03$aKyprianou, Chrysanthos S.
=700  1\$6880-04$aChrysanthēs, Kypros.
=852  0\$aNNU$bBOBST$cMAIN$hGR295.C9$iA73 1975$3t. 1$p31142052999870
=880  00$6245-01/(S$aΑνθολογια Κυπριακης λαογραφιας /$c[επιμελεια] Κ. Χρυσανθη και Χρ. Στ. Κυπριανου.
=880  \\$6260-02/(S$aΛευκωσια :$bΛαογραφικη Κυπρος,$c1975-
=880  1\$6700-03/(S$aΚυπριανου, Χρυσανθος Σ.
=880  1\$6700-04/(S$aΧρυσανθης, Κυπρος.
=994  \\$aC0$bTEF

