=LDR  01811cam a2200421 i 4500
=001  004225874
=003  NNU
=005  20160208092325.0
=008  800201s1978\\\\gr\ag\\\\\\\\\000\0\greo\
=010  \\$a   79118338 
=040  \\$aDLC$beng$cDLC$dOCLCF$dOCLCQ$dOCLCO$dTEF
=066  \\$c(S
=029  1\$aAU@$b000001674682
=029  1\$aNLGGC$b800694821
=035  \\$a(OCoLC)6088709
=043  \\$aa-cy---
=050  00$aML3758.C9$bA9 1978
=049  \\$aZYUU
=100  1\$6880-01$aAverōph, Geōrgios.
=245  10$6880-02$aKypriakoi laïkoi choroi /$cGeōrgiou Averōph.
=260  \\$6880-03$aLeukōsia :$bHetaireia Kypriakōn Spoudōn,$c1978.
=300  \\$aviii, 191 pages :$billustrations, music ;$c25 cm.
=336  \\$atext$btxt$2rdacontent
=337  \\$aunmediated$bn$2rdamedia
=338  \\$avolume$bnc$2rdacarrier
=490  1\$6880-04$aDēmosieumata tēs Hetaireias Kypriakōn Spoudōn ;$v5
=650  \0$aFolk music$zCyprus$xHistory and criticism.
=650  \7$aFolk music.$2fast$0(OCoLC)fst00929383
=651  \7$aCyprus.$2fast$0(OCoLC)fst01205213
=655  \7$aCriticism, interpretation, etc.$2fast$0(OCoLC)fst01411635
=830  \0$6880-05$aDēmosieumata Hetaireias Kypriakōn Spoudōn ;$var. 5.
=852  0\$aNNU$bBOBST$cMAIN$hML3758.C9$iA9 1978$p31142052999888
=880  1\$6100-01/(S$aΑβερωφ, Γεωργιος.
=880  10$6245-02/(S$aΚυπριακοι λαικοι χοροι /$cΓεωργιου Αβερωφ.
=880  \\$6260-03/(S$aΛευκωσια :$bΕταιρεια Κυπριακων Σπουδων,$c1978.
=880  1\$6490-04/(S$aΔημοσιευματα της Εταιρειας Κυπριακων Σπουδων ;$v5
=880  \0$6830-05/(S$aΔημοσιευματα Εταιρειας Κυπριακων Σπουδων ;$vαρ. 5.
=994  \\$aC0$bTEF

