=LDR  02288cam a2200529 a 4500
=001  004226448
=003  NNU
=005  20160208092456.0
=008  081114s1966\\\\gr\af\\\\b\\\\000\0\gre\d
=040  \\$aNNU$beng$cN15$dOCLCO$dOCLCF$dOCLCQ$dTEF
=066  \\$c(S
=035  \\$a(OCoLC)481703517
=043  \\$ae-gr---
=050  \4$aDF221.P56$bZ64 1966
=049  \\$aZYUU
=100  1\$6880-01$aZōēs, Antōnios A.,$d1931-
=245  10$6880-02$aPhaistiaka /$cAntōniou A. Zōē.
=260  \\$6880-03$aAthēnais :$b[Archaiologikē Hetaireia],$c1966.
=300  \\$a[28]-109 pages, [3] folded leaves, 40 leaves of plates :$billustrations ;$c31 cm
=336  \\$atext$btxt$2rdacontent
=337  \\$aunmediated$bn$2rdamedia
=338  \\$avolume$bnc$2rdacarrier
=500  \\$aCover title.
=500  \\$6880-04$a"Anatypon ek tēs Archaiologikēs Ephēmeridos tou 1965."
=504  \\$aIncludes bibliographical references.
=650  \0$aPottery, Greek.
=650  \0$aVases, Greek.
=650  \0$aPottery, Ancient$zGreece$zPhaistos (Extinct city)
=650  \0$aVases, Ancient$zGreece$zPhaistos (Extinct city)
=650  \0$aExcavations (Archaeology)$zGreece$zPhaistos (Extinct city)
=651  \0$aPhaistos (Extinct city)
=650  \7$aExcavations (Archaeology)$2fast$0(OCoLC)fst00917564
=650  \7$aPottery, Ancient.$2fast$0(OCoLC)fst01073658
=650  \7$aPottery, Greek.$2fast$0(OCoLC)fst01073748
=650  \7$aVases, Ancient.$2fast$0(OCoLC)fst01164541
=650  \7$aVases, Greek.$2fast$0(OCoLC)fst01164565
=651  \7$aGreece$zPhaistos (Extinct city)$2fast$0(OCoLC)fst01897100
=710  2\$6880-05$aArchaiologikē Hetaireia.
=730  0\$6880-06$aArchaiologikē ephēmeris.
=852  0\$aNNU$bBOBST$cMAIN$hDF221.P56$iZ64 1966$p31142052999896
=880  1\$6100-01/(S$aΖωης, Αντωνιος Α.,$d1931-
=880  10$6245-02/(S$aΦαιστιακα /$cΑντωνιου Α. Ζωη.
=880  \\$6260-03/(S$aΑθηναις :$b[Αρχαιολογικη Εταιρεια],$c1966.
=880  \\$6500-04/(S$a"Ανατυπον εκ της Αρχαιολογικης Εφημεριδος του 1965."
=880  2\$6710-05/(S$aΑρχαιολογικη Εταιρεια.
=880  0\$6730-06/(S$aΑρχαιολογικη εφημερις.
=994  \\$aC0$bTEF

