=LDR  01555cam a2200409   4500
=001  004226452
=003  NNU
=005  20160208093532.0
=008  800310s1962\\\\gr\ab\\\\b\\\\001\0\grer\
=010  \\$a   65057425 
=040  \\$aDLC$beng$cCUI$dDLC$dOCLCQ$dOCLCF$dOCLCQ$dOCLCO$dTEF
=066  \\$c(S
=019  \\$a123087119
=029  1\$aAU@$b000024086134
=035  \\$a(OCoLC)6066490$z(OCoLC)123087119
=043  \\$ae-gr---
=050  00$aDF287.A2$bI18 1962
=049  \\$aZYUU[Oversize]
=100  1\$6880-01$aIakōvidēs, Spyros.
=245  14$6880-02$aHē Mykēnaīkē Akropolis tōn Athēnōn [hypo] Spyridōnos E. Iakōbidou.
=260  \\$6880-03$aAthēnai,$c1962.
=300  \\$a268 pages$billustrations, maps$c32 cm
=336  \\$atext$btxt$2rdacontent
=337  \\$aunmediated$bn$2rdamedia
=338  \\$avolume$bnc$2rdacarrier
=500  \\$6880-04$aDiatribē- Athens.
=504  \\$aIncludes bibliographical references.
=651  \0$aAcropolis (Athens, Greece)
=650  \0$aCivilization, Mycenaean.
=650  \7$aCivilization, Mycenaean.$2fast$0(OCoLC)fst00863111
=651  \7$aGreece$zAthens$zAcropolis.$2fast$0(OCoLC)fst01316151
=852  0\$aNNU$bBOBST$cMAIN$hDF287.A2$iI18 1962 Oversize$p31142052999904
=880  1\$6100-01/(S$aΙακωβιδης, Σπυρος.
=880  12$6245-02/(S$aΗ Μυκηναικη Ακροπολις των Αθηνων [υπο] Σπυριδωνος Ε. Ιακωιδου.
=880  \\$6260-03/(S$aΑθηναι,$c1962.
=880  \\$6500-04/(S$aΔιατριη- Αθενς.
=994  \\$aC0$bTEF

