=LDR  01843cam a2200397 a 4500
=001  004226672
=003  NNU
=005  20160208093026.0
=008  991230s1974\\\\gr\a\\\\\b\\\\000\0\gre\d
=040  \\$aEUM$beng$cEUM$dOCLCO$dOCLCQ$dOCLCO$dTEF
=066  \\$c(S
=035  \\$a(OCoLC)642595773
=050  \4$aP1038$b.P76 1974
=049  \\$aZYUU
=100  1\$6880-01$aPromponas, Iōannēs K.
=245  13$6880-02$aHē Mykēnaikē eortē thronoelktēria (to-no-e-ke-te-ri-jo) kai hē epiviōsis autēs eis tous historikous chronous /$cIōannou K. Prompona.
=260  \\$6880-03$aEn Athēnais,$c1974.
=300  \\$a127 pages :$billustrations ;$c25 cm.
=336  \\$atext$btxt$2rdacontent
=337  \\$aunmediated$bn$2rdamedia
=338  \\$avolume$bnc$2rdacarrier
=490  1\$6880-04$aVivliothēkē Sophias N. Saripolou ;$v[ar.] 29a
=500  \\$6880-05$aDiatrivē-Athens.
=504  \\$aIncludes bibliographical references (pages 13-24).
=650  \0$aInscriptions, Linear B.
=650  \0$aInscriptions, Greek.
=651  \0$aMycenae (Extinct city)$xReligion.
=830  \0$6880-06$aVivliothēkē Sophias N. Saripolou ;$var. 29a.
=852  0\$aNNU$bBOBST$cMAIN$hP1038$i.P76 1974$p31142052999912
=880  1\$6100-01/(S$aΠρομπονας, Ιωαννης Κ.
=880  12$6245-02/(S$aΗ Μυκηναικη εορτη θρονοελκτηρια (to-no-e-ke-te-ri-jo) και η επιβιωσις αυτης εις τους ιστορικους χρονους /$cΙωαννου Κ. Προμπονα.
=880  \\$6260-03/(S$aΕν Αθηναις,$c1974.
=880  1\$6490-04/(S$aΒιβλιοθηκη Σοφιας Ν. Σαριπολου ;$v[αρ.] 29α
=880  \\$6500-05/(S$aΔιατριβη-Αθενς.
=880  \0$6830-06/(S$aΒιβλιοθηκη Σοφιας Ν. Σαριπολου ;$vαρ. 29α.
=994  \\$aC0$bTEF

