=LDR  01603cam a2200385 a 4500
=001  004226675
=003  NNU
=005  20160208111937.0
=008  000128s1989\\\\cy\\\\\\\d\\\\000\0cgre\\
=010  \\$a   00276607 
=040  \\$aDLC$beng$cDLC$dOCLCG$dOCLCO$dOCLCF$dOCLCQ$dTEF
=066  \\$c(S
=029  1\$aAU@$b000021327542
=035  \\$a(OCoLC)30630678
=043  \\$aa-cy---
=050  00$aDS54.7$b.K63 1989
=049  \\$aZYUU
=100  1\$6880-01$aKoudounarēs, Aristeidēs L.,$d1936-
=245  10$6880-02$aViographikon lexikon Kypriōn, 1800-1920 /$cAristeidēs L. Koudounarēs.
=260  \\$6880-03$aLeukōsia :$bEkdosis Idrymatos Pieridē,$c1989.
=300  \\$a196 pages ;$c27 cm
=336  \\$atext$btxt$2rdacontent
=337  \\$aunmediated$bn$2rdamedia
=338  \\$avolume$bnc$2rdacarrier
=651  \0$aCyprus$xHistory$y19th century$vBiography$vDictionaries$xGreek, Modern.
=651  \0$aCyprus$xHistory$yBritish rule, 1878-1960$vBiography$vDictionaries$xGreek, Modern.
=651  \7$aCyprus.$2fast$0(OCoLC)fst01205213
=648  \7$a1800 - 1960$2fast
=655  \7$aBiography$vDictionaries.$2fast$0(OCoLC)fst01423824
=655  \7$aHistory.$2fast$0(OCoLC)fst01411628
=852  0\$aNNU$bBOBST$cMAIN$hDS54.7$i.K63 1989$p31142052999920
=880  1\$6100-01/(S$aΚουδουναρης, Αριστειδης Λ.,$d1936-
=880  10$6245-02/(S$aΒιογραφικον λεξικον Κυπριων, 1800-1920 /$cΑριστειδης Λ. Κουδουναρης.
=880  \\$6260-03/(S$aΛευκωσια :$bΕκδοσις Ιδρυματος Πιεριδη,$c1989.
=994  \\$aC0$bTEF

