=LDR  01809cam a2200433   4500
=001  004226676
=003  NNU
=005  20160208093905.0
=008  781207s1964\\\\gr\ab\\\\b\\\\000\0\gre\\
=010  \\$a   65052328 
=040  \\$aDLC$beng$cTJC$dDLC$dBUF$dUAB$dSTF$dOCLCF$dOCLCO$dOCLCQ$dTEF
=066  \\$c(S
=019  \\$a70324856
=029  1\$aAU@$b000009555447
=029  1\$aNLGGC$b151250820
=035  \\$a(OCoLC)4426633$z(OCoLC)70324856
=042  \\$apremarc
=043  \\$ae-gr---
=050  00$aDF77$b.S9 1964
=049  \\$aZYUU
=100  1\$6880-01$aSyriopoulos, Kōnstantinos Th.
=245  14$6880-02$aHē proistoria tēs Peloponnēsou.
=260  \\$6880-03$aEn Athēnais,$c1964.
=300  \\$axlviii, 633 pages$billustrations, maps$c26 cm
=336  \\$atext$btxt$2rdacontent
=337  \\$aunmediated$bn$2rdamedia
=338  \\$avolume$bnc$2rdacarrier
=504  \\$aIncludes bibliographical references (pages xxxii-xlviii).
=651  \0$aPeloponnesus (Greece : Peninsula)$xAntiquities.
=650  \7$aAntiquities.$2fast$0(OCoLC)fst00810745
=651  \7$aGreece$zPeloponnesus (Peninsula)$2fast$0(OCoLC)fst01800940
=776  08$iOnline version:$aSyriopoulos, Kōnstantinos Th.$tProistoria tēs Peloponnēsou.$dEn Athēnais, 1964$w(OCoLC)654313197
=830  \0$6880-04$aVivliothēke tēs en Athēnais Archaiologikēs Hetaireias, arith. ;$v51.
=852  0\$aNNU$bBOBST$cMAIN$hDF77$i.S9 1964$p31142052999938
=880  1\$6100-01/(S$aΣυριοπουλος, Κωνσταντινος Θ.
=880  12$6245-02/(S$aΗ προιστορια της Πελοποννησου.
=880  \\$6260-03/(S$aΕν Αθηναις,$c1964.
=880  \0$6830-04/(S$aΒιβλιοθηκε της εν Αθηναις Αρχαιολογικης Εταιρειας, αριθ. ;$v51.
=994  \\$aC0$bTEF

