=LDR  02005nam a2200373 i 4500
=001  004226678
=003  NNU
=005  20160208103212.0
=008  160208s1945\\\\gw\bf\\\\\\\\\000\0\gre\d
=040  \\$aNNU$beng$erda$cTEF
=066  \\$c(S
=035  \\$a(OCoLC)937391911
=041  1\$agre$hund
=043  \\$aa-cy---
=050  \4$aTD295.C93$bR4 1945
=049  \\$aZYUU
=100  1\$6880-01$aRe·I·Bern, K.,$eauthor.
=245  10$6880-02$aHydatopromētheia en Kyprō :$bgenikē ekthesis /$chypo K. Re·I·Bern, C.B.E., D.Sc., F.G.S., M.I.M.M., hydraulikou ; metaphrasis hypo A.P. Kephala.
=264  \1$6880-03$aLeukōsia :$bExetypōthē en tō Kyvernētikō Typographeiō Kyprou,$c1945.
=300  \\$a63 pages, 1 unnumbered folded plate :$bmaps (some color) ;$c25 cm
=336  \\$atext$btxt$2rdacontent
=337  \\$aunmediated$bn$2rdamedia
=338  \\$avolume$bnc$2rdacarrier
=500  \\$6880-04$aAt head of title: Kyvernēsis Kyprou Tmēma Hydatopromētheiōn kai Ardeuseōs.
=546  \\$aTranslated into Greek, original language not specified.
=650  \0$aWater-supply$zCyprus.
=710  2\$6880-05$aKyvernēsis Kyprou Tmēma Hydatopromētheiōn kai Ardeuseōs.
=852  0\$aNNU$bBOBST$cMAIN$hTD295.C93$iR4 1945$p31142052999946
=880  1\$6100-01/(S$aΡε·Ι·Μπερν, Κ.,$eauthor.
=880  10$6245-02/(S$aΥδατοπρομηθεια εν Κυπρω :$bγενικη εκθεσις /$cυπο Κ. Ρε·Ι·Μπερν, C.B.E., D.Sc., F.G.S., M.I.M.M., υδραυλικου · μεταφρασις υπο Α.Π. Κεφαλα.
=880  \1$6264-03/(S$aΛευκωσια :$bΕξετυπωθη εν τω Κυβερνητικω Τυπογραφειω Κυπρου,$c1945.
=880  \\$6500-04/(S$aAt head of title: Κυβερνησις Κυπρου Τμημα Υδατοπρομηθειων και Αρδευσεως.
=880  2\$6710-05/(S$aΚυβερνησις Κυπρου Τμημα Υδατοπρομηθειων και Αρδευσεως.
=994  \\$aC0$bTEF

