=LDR  01327nam a2200325 i 4500
=001  004226680
=003  NNU
=005  20160208100125.0
=008  160208s1954\\\\gr\\\\\\\\\\\\000\0\greod
=040  \\$aNNU$beng$erda$cTEF
=066  \\$c(S
=035  \\$a(OCoLC)937391704
=050  \4$aDF85$b.K68 1954
=049  \\$aZYUU
=100  1\$6880-01$aKounoupēs, Geōrgios N.,$eauthor.
=245  10$6880-02$aDelphika grammata :$bDelphikē Amphiktionia /$c[G. Kounoupēs].
=264  \1$6880-03$aDelphoi :$b[Publisher not identified],$c1954.
=300  \\$a62 pages ;$c18 cm
=336  \\$atext$btxt$2rdacontent
=337  \\$aunmediated$bn$2rdamedia
=338  \\$avolume$bnc$2rdacarrier
=500  \\$6880-04$a"Hoi Delphoi Pankosmion Pneumatikon Kentron"--Cover.
=610  20$aAmphictyonic League.
=651  \0$aDelphi (Extinct city)$xPolitics and government.
=852  0\$aNNU$bBOBST$cMAIN$hDF85$i.K68 1954$p31142052999953
=880  1\$6100-01/(S$aΚουνουπης, Γεωργιος Ν.,$eauthor.
=880  10$6245-02/(S$aΔελφικα γραμματα :$bΔελφικη Αμφικτιονια /$c[Γ. Κουνουπης].
=880  \1$6264-03/(S$aΔελφοι :$b[Publisher not identified],$c1954.
=880  \\$6500-04/(S$a"Οι Δελφοι Παγκοσμιον Πνευματικον Κεντρον"--Cover.
=994  \\$aC0$bTEF

