=LDR  01872cam a2200445 i 4500
=001  004123987
=003  NNU
=005  20160205080435.0
=008  150116s2014\\\\gr\\\\\\\\\\\\000\0\greo\
=010  \\$a  2014508668
=040  \\$aDLC$beng$erda$cDLC$dEQO$dZCU$dOCLCO$dTEF
=066  \\$c(S
=020  \\$a9789600516197 (colophon)
=020  \\$a9600516197 (colophon)
=020  \\$a9789600516067
=020  \\$a9600516065
=035  \\$a(OCoLC)911503577
=042  \\$apcc
=043  \\$ae-gr---
=050  00$aLF3245.P34$bK68 2014
=049  \\$aZYUU
=100  1\$6880-01$aKōtsios, Theodōros N.,$d1932-$eauthor.
=245  13$6880-02$aTa paidia tou oikotropheiou /$cTheodōros N. Kōtsios.
=264  \1$6880-03$aAthēna :$bVivliopōleion tēs "Hestias," I.D. Kollarou & Sias A.E.,$c2014.
=300  \\$a236 pages ;$c21 cm.
=336  \\$atext$2rdacontent
=337  \\$aunmediated$2rdamedia
=338  \\$avolume$2rdacarrier
=490  1\$6880-04$aMartyries & viographies
=610  20$aEthnikon Oikotropheion Arrenōn Paramythias$xHistory.
=650  \0$aBoarding schools$zGreece$zParamythia$xHistory$y20th century.
=651  \0$aParamythia (Greece)$xHistory$y20th century.
=830  \0$6880-05$aSeira "Martyries" (Vivliopōleion tēs Hestias)
=852  0\$aNNU$bBOBST$cMAIN$hLF3245.P34$iK68 2014$p31142056765913
=880  1\$6100-01/(S$aΚώτσιος, Θεόδωρος Ν.,$d1932-$eauthor.
=880  13$6245-02/(S$aΤα παιδιά του οικοτροφείου /$cΘεόδωρος Ν. Κώτσιος.
=880  \1$6264-03/(S$aΑθήνα :$bΒιβλιοπωλείον της "Εστίας", Ι.Δ. Κολλάρου & Σίας Α.Ε.,$c2014.
=880  1\$6490-04/(S$aΜαρτυρίες & βιογραφίες
=880  \0$6830-05/(S$aΣειρά «Μαρτυρίες» (Vivliopōleion tēs Hestias)
=994  \\$aC0$bTEF

