=LDR  01868nam a2200409 i 4500
=001  004124050
=003  NNU
=005  20160208110312.0
=008  160208s2014\\\\gr\\\\\\\b\\\\000\0\greod
=040  \\$aNNU$beng$erda$cTEF
=066  \\$c(S
=020  \\$a9789606804298
=020  \\$a9606804291
=035  \\$a(OCoLC)937392066
=043  \\$ae-gr---$ae-uk---
=050  \4$aDF849.52$b.C53 2014
=049  \\$aZYUU
=100  1\$6880-01$aChatzaras, Spyros,$eauthor.
=245  10$6880-02$aEAM ELAS Meligalas :$bmauragorites kai Kommounistes stēn hypēresia tēs Autou Megaleiotētas /$cSpyros Chatzaras.
=246  1\$6880-03$iSubtitle on cover:$aPraktores kai Kommounistes stēn hypēresia tēs Autou Megaleiotētas
=264  \1$6880-04$aAthēna :$bLonchē,$c2014.
=300  \\$a256 pages ;$c21 cm
=336  \\$atext$btxt$2rdacontent
=337  \\$aunmediated$bn$2rdamedia
=338  \\$avolume$bnc$2rdacarrier
=504  \\$aIncludes bibliographical references (pages 247-249).
=610  20$aEthnikon Apeleutherōtikon Metōpon (Greece)
=610  20$aELAS (Military organization)
=651  \0$aGreece$xHistory$yCivil War, 1944-1949.
=651  \0$aGreece$xForeign relations$zGreat Britain.
=651  \0$aGreat Britain$xForeign relations$zGreece.
=852  0\$aNNU$bBOBST$cMAIN$hDF849.52$i.C53 2014$p31142056766945
=880  1\$6100-01/(S$aΧατζαρας, Σπυρος,$eauthor.
=880  10$6245-02/(S$aΕΑΜ ΕΛΑΣ Μελιγαλας :$bμαυραγοριτες και Κομμουνιστες στην υπηρεσια της Αυτου Μεγαλειοτητας /$cΣπυρος Χατζαρας.
=880  1\$6246-03/(S$iSubtitle on cover :$aΠρακτορες και Κομμουνιστες στην υπηρεσια της Αυτου Μεγαλειοτητας
=880  \1$6264-04/(S$aΑθηνα :$bΛογχη,$c2014.
=994  \\$aC0$bTEF




